@misc{zeit2016,
  title={Schwimmen Sie vorne mit?*},
  author={Rudizo, Kolja and Venohr, Sascha and Blicke, Paul and Stahnke, Julian},
  howpublished={\textit{Die Zeit}, 25 February 2016. Available: http://www.zeit.de/wirtschaft/2016-02/arbeit-mindestlohn-erfolg-deutschland-studie-vermaechtnis [Last accessed: 21 March 2016]},
  month={February},
  year={2016}
}

@misc{slaughter2012,
  title={Why women still can't have it all},
  author={Slaughter, Anne-Marie},
  howpublished={\textit{The Atlantic}, July/August 2012. Available: http://www.theatlantic.com/magazine/archive/2012/07/why-women-still-cant-have-it-all/309020/ [Last accessed: 9 May 2016]},
  month={July/August},
  year={2012}
}

@article{stevenson2013,
  title={Subjective well-being and income: Is there any evidence of satiation?},
  author={Stevenson, Betsey and Wolfers, Justin},
  year={2013},
  institution={National Bureau of Economic Research}
}


@article{booth2008,
  title={Job Satisfaction and Family Happiness: The Part-Time Work Puzzle*},
  author={Booth, Alison L and Van Ours, Jan C},
  journal={The Economic Journal},
  volume={118},
  number={526},
  pages={F77--F99},
  year={2008},
  publisher={Wiley Online Library}
}

@article{boothvanours2008,
  title={Hours of Work and Gender Identity: Does Part-time Work Make the Family Happier?},
  author={Booth, Alison L and Van Ours, Jan C},
  journal={Economica},
  volume={76},
  number={301},
  pages={176--196},
  year={2008},
  publisher={Wiley Online Library}
}

@article{wunder2013,
  title={Working time preferences, hours mismatch and well-being of couples: Are there spillovers?},
  author={Wunder, Christoph and Heineck, Guido},
  journal={Labour Economics},
  volume={24},
  pages={244--252},
  year={2013},
  publisher={Elsevier}
}

@article{bertrand2013,
  title={Career, family, and the well-being of college-educated women},
  author={Bertrand, Marianne},
  journal={The American Economic Review},
  volume={103},
  number={3},
  pages={244--250},
  year={2013},
  publisher={American Economic Association}
}

@article{hipp2015,
  title={Institutionelle Determinanten einer partnerschaftlichen Aufteilung von Erwerbsarbeit in Europa und den USA},
  author={Hipp, Lena and Leuze, Kathrin},
  journal={KZfSS K{\"o}lner Zeitschrift f{\"u}r Soziologie und Sozialpsychologie},
  volume={67},
  number={4},
  pages={659--684},
  year={2015},
  publisher={Springer}
}

@article{akerlof2000,
  title={Economics and identity},
  author={Akerlof, George A and Kranton, Rachel E},
  journal={Quarterly journal of Economics},
  pages={715--753},
  year={2000},
  publisher={JSTOR}
}

@article{becker1965,
  title={A Theory of the Allocation of Time},
  author={Becker, Gary S},
  journal={The economic journal},
  volume={75},
  number={299},
  pages={493--517},
  year={1965},
  publisher={JSTOR}
}

@article{becker1985,
  title={Human capital, effort, and the sexual division of labor},
  author={Becker, Gary S},
  journal={Journal of labor economics},
  pages={S33--S58},
  year={1985},
  publisher={JSTOR}
}

@article{kahneman2006,
  title={Developments in the measurement of subjective well-being},
  author={Kahneman, Daniel and Krueger, Alan B},
  journal={The journal of economic perspectives},
  volume={20},
  number={1},
  pages={3--24},
  year={2006},
  publisher={American Economic Association}
}

@article{blood1995,
  title={Husbands and wives: the dynamics of married living.},
  author={Blood, RO and Wolfe, DM and Oppong, C and Seroussi, M and Lillard, LA and Waite, LJ},
  journal={AMERICAN JOURNAL OF SOCIOLOGY},
  volume={100},
  number={5},
  pages={165--78},
  year={1995},
  publisher={New York Free Press 1960.}
}

@article{lundberg1996,
  title={Bargaining and distribution in marriage},
  author={Lundberg, Shelly and Pollak, Robert A},
  journal={The Journal of Economic Perspectives},
  volume={10},
  number={4},
  pages={139--158},
  year={1996},
  publisher={JSTOR}
}

@article{paull2008,
  title={Children and women's hours of work*},
  author={Paull, Gillian},
  journal={The Economic Journal},
  volume={118},
  number={526},
  pages={F8--F27},
  year={2008},
  publisher={Wiley Online Library}
}

@book{hochschild1990,
  title={The Second Shift},
  author={Hochschild, Arlie},
  year={1990},
  publisher={California, Avon Books}
}

@book{angrist2008,
  title={Mostly harmless econometrics: An empiricist's companion},
  author={Angrist, Joshua D and Pischke, Jorn-Steffen},
  year={2008},
  publisher={Princeton university press}
}

@article{goldin2004,
  title={The long road to the fast track: Career and family},
  author={Goldin, Claudia},
  journal={The Annals of the American Academy of Political and Social Science},
  volume={596},
  number={1},
  pages={20--35},
  year={2004}
}

@article{nikolova2015,
  title={How much should we trust life satisfaction data? Evidence from the Life in Transition Survey},
  author={Nikolova, Elena and Sanfey, Peter},
  journal={Journal of Comparative Economics},
  year={2015},
  publisher={Elsevier}
}

@article{okulicz2011,
  title={Europeans work to live and Americans live to work (who is happy to work more: Americans or Europeans?)},
  author={Okulicz-Kozaryn, Adam},
  journal={Journal of Happiness Studies},
  volume={12},
  number={2},
  pages={225--243},
  year={2011},
  publisher={Springer}
}