@Manual{CiteR,
  title = {R: A Language and Environment for Statistical Computing},
  author = {{R Core Team}},
  organization = {R Foundation for Statistical Computing},
  address = {Vienna, Austria},
  year = {2015},
  url = {https://www.R-project.org/},
  note = {Version 3.2.3}, 
}
@Manual{R-car,
  title = {car: Companion to Applied Regression},
  author = {John Fox and Sanford Weisberg},
  year = {2016},
  note = {R package version 2.1-2},
  url = {https://CRAN.R-project.org/package=car},
}
@Manual{R-dplyr,
  title = {dplyr: A Grammar of Data Manipulation},
  author = {Hadley Wickham and Romain Francois},
  year = {2015},
  note = {R package version 0.4.3},
  url = {https://CRAN.R-project.org/package=dplyr},
}
@Manual{R-foreign,
  title = {foreign: Read Data Stored by Minitab, S, SAS, SPSS, Stata, Systat, Weka,
dBase, ...},
  author = {{R Core Team}},
  year = {2015},
  note = {R package version 0.8-66},
  url = {https://CRAN.R-project.org/package=foreign},
}
@Manual{R-ggplot2,
  title = {ggplot2: An Implementation of the Grammar of Graphics},
  author = {Hadley Wickham and Winston Chang},
  year = {2016},
  note = {R package version 2.1.0},
  url = {https://CRAN.R-project.org/package=ggplot2},
}
@Manual{R-gmodels,
  title = {gmodels: Various R Programming Tools for Model Fitting},
  author = {Gregory R. Warnes and Ben Bolker and Thomas Lumley and Randall C Johnson. Contributions from Randall C. Johnson are Copyright SAIC-Frederick and Inc. Funded by the Intramural Research Program and of the NIH and National Cancer Institute and Center for Cancer Research under NCI Contract NO1-CO-12400.},
  year = {2015},
  note = {R package version 2.16.2},
  url = {https://CRAN.R-project.org/package=gmodels},
}
@Manual{R-gridExtra,
  title = {gridExtra: Miscellaneous Functions for "Grid" Graphics},
  author = {Baptiste Auguie},
  year = {2016},
  note = {R package version 2.2.1},
  url = {https://CRAN.R-project.org/package=gridExtra},
}
@Manual{R-Hmisc,
  title = {Hmisc: Harrell Miscellaneous},
  author = {Harrell, Jr., Frank E},
  year = {2016},
  note = {R package version 3.17-3},
  url = {https://CRAN.R-project.org/package=Hmisc},
}
@Manual{R-interplot,
  title = {interplot: Plot the Effects of Variables in Interaction Terms},
  author = {Frederick Solt and Yue Hu},
  year = {2016},
  note = {R package version 0.1.2.1},
  url = {https://CRAN.R-project.org/package=interplot},
}
@Manual{R-MASS,
  title = {MASS: Support Functions and Datasets for Venables and Ripley's MASS},
  author = {Brian Ripley},
  year = {2015},
  note = {R package version 7.3-45},
  url = {https://CRAN.R-project.org/package=MASS},
}
@Manual{R-plyr,
  title = {plyr: Tools for Splitting, Applying and Combining Data},
  author = {Hadley Wickham},
  year = {2015},
  note = {R package version 1.8.3},
  url = {https://CRAN.R-project.org/package=plyr},
}
@Manual{R-quantmod,
  title = {quantmod: Quantitative Financial Modelling Framework},
  author = {Jeffrey A. Ryan},
  year = {2015},
  note = {R package version 0.4-5},
  url = {https://CRAN.R-project.org/package=quantmod},
}
@Manual{R-repmis,
  title = {repmis: Miscellaneous Tools for Reproducible Research},
  author = {Christopher Gandrud},
  year = {2016},
  note = {R package version 0.5},
  url = {https://CRAN.R-project.org/package=repmis},
}
@Manual{R-reshape,
  title = {reshape: Flexibly reshape data.},
  author = {Hadley Wickham},
  year = {2014},
  note = {R package version 0.8.5},
  url = {https://CRAN.R-project.org/package=reshape},
}
